@THESIS{Skvortsov:2008,
  title        = {Флуктуационные и интерференционные эффекты в мезоскопических системах},
  author       = {Скворцов, Михаил Андреевич},
  type         = {docthesis},
  _year         = {2008},
  institution  = {ИТФ им. Л.\,Д.~Ландау},
  langid       = {russian},
  language     = {russian},
  location     = {Черноголовка},
  speciality     = {физ.-мат. наук},
  specialitycode = {01.04.02},
  media        = {text},
  pagetotal    = {224},
}