@ARTICLE{1998PhRvE..57.7111K,
  author       = {{Kinney}, R.~M. and {McWilliams}, J.~C.},
  title        = {{Turbulent cascades in anisotropic magnetohydrodynamics}},
  journal      = pre,
  keywords     = {Plasma turbulence, Magnetohydrodynamic and fluid equation},
  year         = {1998},
  month        = jun,
  volume       = {57},
  pages        = {7111-7121},
  doi          = {10.1103/PhysRevE.57.7111},
  adsurl       = {http://adsabs.harvard.edu/abs/1998PhRvE..57.7111K},
  adsnote      = {Provided by the SAO/NASA Astrophysics Data System},
}
