@MISC{scpi-99,
  title        = {Standard Commands for Programmable Instruments (SCPI)},
  month        = {may},
  note         = {Version 1999.0},
  organization = {SCPI Consortium},
  titleaddon   = {Volume 1: Syntax and Style},
  year         = {1999},
}
