@TECHREPORT{Drake1948,
  title        = {Results obtained during accelerated transonic tests of
                  the {Bell} {XS-1} airplane in flights to a {MACH} number of
                  0.92},
  author       = {Drake, Huber M. and McLaughlin, Milton D. and Goodman,
                  Harold R.},
  institution  = {NASA Dryden Flight Research Center},
  location     = {Edwards, CA},
  month        = {1},
  number       = {NACA-RM-L8A05A},
  url          = {http://www.nasa.gov/centers/dryden/pdf/87528main_RM-L8A05A.pdf},
  year         = {1948},
  language     = {english},
}
