@MASTERSTHESIS{mastersthesis-minimal,
  title        = {Mastering Thesis Writing},
  author       = {{\'{E}}douard Masterly},
  year         = {1988},
  institution  = {Stanford University},
}

