@ONLINE{cs.SE:30073,
  title        = {Cutting equal sticks from different sticks},
  howpublished = {Computer Science Stack Exchange},
  url          = {http://cs.stackexchange.com/q/30073},
  urldate      = {2014-11-26},
  author       = {Erel Segal-Halevi},
  date         = {2014-09-17},
  nameaddon    = {\url{http://cs.stackexchange.com/users/1342/}},
}
