@ARTICLE{gibbard,
  title        = {Morality in Living},
  author       = {Gibbard, Allan},
  number       = {1},
  pages        = {140--164},
  subtitle     = {{K}orsgaard's {K}antian Lectures},
  titleaddon   = {review of The Sources of Normativity, by {C}hristine {M.} {K}orsgaard},
  volume       = {110},
  year         = {1999},
  journal      = {Ethics},
}
