@THESIS{loh,
  title        = {High-Resolution Micromachined Interferometric Accelerometer},
  author       = {Loh, Nin C.},
  type         = {mathesis},
  date         = {1992},
  institution  = {Massachusetts Institute of Technology},
  langid       = {english},
  location     = {Cambridge, Mass.},
}
