@ARTICLE{veilahti:abm,
  title        = {Alain Badiou's Mistake~--- Two Postulates of Dialectic Materialism},
  author       = {Antti Veilahti},
  date         = {2013-01-10},
  eprint       = {1301.1203v2},
  eprintclass  = {math.CT},
  eprinttype   = {arXiv},
  language     = {english},
  month        = jan,
  year         = {2013},
  journal      = {ArXiv e-prints},
  langid       = {english},
  pagetotal    = {41+1},
}
