@ARTICLE{Lisi1995,
  title        = {A solitary wave solution of the {M}axwell-{D}irac equations},
  author       = {{Lisi}, A.~G.},
  doi          = {10.1088/0305-4470/28/18/026},
  eprint       = {9410244},
  eprintclass  = {hep-th},
  eprinttype   = {arxiv},
  month        = {sep},
  number       = {18},
  pages        = {5385--5392},
  url          = {http://stacks.iop.org/0305-4470/28/5385},
  volume       = {28},
  year         = {1995},
  adsnote      = {Provided by the SAO/NASA Astrophysics Data System},
  adsurl       = {http://adsabs.harvard.edu/abs/1995JPhA...28.5385L},
  journal      = {Journal of Physics A: Mathematical and General},
  publisher    = {{IOP} Publishing},
}
