@BOOK{kremlincd,
  title        = {Московский Кремль},
  titleaddon   = {трехмер. путеводитель},
  language     = {russian},
  note         = {CD-ROM},
  date         = {2007},
  location     = {М.},
  publisher    = {Новый Диск},
  media        = {eresource},
}
