@MISC{CS:30073,
  title        = {Cutting equal sticks from different sticks},
  author       = {Erel Segal-Halevi},
  howpublished = {Computer Science Stack Exchange},
  url          = {http://cs.stackexchange.com/q/30073},
  urldate      = {2014-11-26},
  year         = {2014},
  authorurl    = {http://cs.stackexchange.com/users/1342/},
  media        = {eresource},
}
