@ONLINE{2020Arxiv,
  AUTHOR       = {Igor Kotelnikov and Qiusun Zeng},
  TITLE        = {On the stability of small-scale ballooning modes in mirror traps},
  YEAR         = {2020},
  pages        = {1-10},
  language     = {english},
  langid       = {english},
  url          = {https://arxiv.org/abs/2011.14555},
  doi          = {},
  media        = {online},
  eprint       = {2011.14555},
  eprinttype   = {arXiv},
  eprintclass  = {physics.plasm-ph},
}

