@THESIS{vishnyakov:thesis1,
  title        = {Модели и методы оценки коммерческих банков в условиях неопределенности},
  author       = {Вишняков, Илья Владимирович},
  date         = {2002},
  langid       = {russian},
  language     = {russian},
  location     = {М.},
  speciality   = {экон. наук},
  number       = {08.00.13},
  pagetotal    = {234},
  titleaddon   = {защищена 12.02.02~: утв. 24.06.02},
}

