@PATENT{patent2,
  	author      = {В. И. Чугаева},
  	authorcountry   = {РФ},
  	title       = {Приемопередающее устройство},
  	media       = {text},
  	type        = {пат.},
  	number      = {2000131736/09},
  	location    = {Рос. Федерация},
  	ipc         = {МПК\ensuremath{^7} H 04 В 1/38, Н 04 J 13/00},
  	holder      = {заявитель и патентообладатель Воронеж. науч.-ислед. ин-т связи.},
  	credits     = {патент. поверенный Егорова Г. Б.},
  	requestnumber   = {000108705/28},
  	date        = {18.12.2000},
  	publicationdate = {20.08.2002},
  	publication = {Бюл. № 23 (II ч.)},
        pagetotal   = {2 с.~: ил.},
  	language    = {russian},
}
