@BOOK{Encyclopedia,
  title        = {Художественная энциклопедия зарубежного классического искусства},
  publisher    = {Большая Рос. энцикл.},
  year         = {1996},
  address      = {М.},
  note         = {1 электрон. опт. диск (CD-ROM)},
  language     = {russian},
  media        = {eresource},
}
