@ARTICLE{Nasirova,
  title        = {Модели государственного регулирования страховой деятельности},
  author       = {Насырова, Г. А.},
  language     = {russian},
  note         = {Режим доступа: http://vestnik.fa.ru/4(28)2003/4.html},
  number       = {4},
  year         = {2003},
  journal      = {Вестник Финансовой академии},
  media2       = {eresource},
  media        = {online},
}
