@ONLINE{wiki:latex,
  author       = {Wikipedia},
  title        = {{\LaTeX}---Wikipedia{,} The Free Encyclopedia},
  year         = {2012},
  url          = {http://en.wikipedia.org/wiki/LaTeX},
  urldate      = {25.01.2012},
}
