@ARTICLE{1998UFN,
  author       = {Котельников, И. А. and Астрелин, В. Т.},
  title        = {Теория плазменного эмиттера положительных ионов},
  journal      = ufn,
  keywords     = {плазменный эмиттер, критерий Бома},
  year         = {2015},
  month        = jul,
  volume       = {185},
  pages        = {753-771},
  language     = {russian},
  doi          = {10.3367/UFNr.0185.201507c.0753},
  url          = {http://ufn.ru/ru/articles/2015/7/c/},
}
