@BOOK{Williams2002,
  title        = {Free as in Freedom},
  author       = {Williams, Sam},
  publisher    = {O'Reilly Media},
  year         = {2002},
  isbn         = {0-596-00287-4},
  titleaddon   = {Richard Stallman's Crusade for Free Software},
}
