@ARTICLE{scpi-04,
  title        = {Standard Digital Interface for Programmable Instrumentation},
  doi          = {10.1109/ieeestd.2004.95390},
  month        = {may},
  pages        = {0\_1--0\_5},
  titleaddon   = {Part 2: Codes, Formats, Protocols and Common Commands (Adoption of IEEE Std 488.2-1992)},
  year         = {2004},
  journal      = {IEC 60488-2 First edition 2004-05; IEEE 488.2},
}
