@ONLINE{wassenberg,
  title        = {Faster Radix Sort via Virtual Memory and Write-Combining},
  author       = {Wassenberg, Jan and Sanders, Peter},
  date         = {2010-08-17},
  eprint       = {1008.2849v1},
  eprintclass  = {cs.DS},
  eprinttype   = {arxiv},
  langid       = {english},
  version      = {1},
}
